@InProceedings{zaidman-et-al:2008,
  author = 	 {A. Zaidman and B. {Van Rompaey} and S. Demeyer and A. {van Deursen}},
  title = 	 {{Mining Software Repositories to Study Co-Evolution of Production \& Test Code}},
  booktitle = {{Proceedings of the 1st International Conference on Software Testing, Verification and Validation}},
  year = 	 {2008},
  pages = 	 {220--229},
  publisher = {IEEE Press}
}

@Article{zimmermann-et-al:2005,
  author = 	 {T. Zimmermann and A. Zeller and P. Weissgerber and S. Diehl},
  title = 	 {{Mining version histories to guide software changes}},
  journal = 	 {{IEEE Transactions on Software Engineering}},
  year = 	 {2005},
  volume = 	 {31},
  number = 	 {6},
  pages = 	 {429--445}
}

@InProceedings{bird-et-al:2009,
  author = 	 {C. Bird and P.C. Rigby and E.T. Barr and D.J. Hamilton and D.M. German and P. Devanbu},
  title = 	 {{The promises and perils of mining git}},
  OPTbooktitle = {{Proceedings of the 6th IEEE International Working Conference on Mining Software Repositories (MSR'09)}},
  year = 	 {2009},
  pages = 	 {1--10},
  publisher = {IEEE Press}
}

@InProceedings{sisman+kak:2012,
  author = 	 {B. Sisman and A.C. Kak},
  title = 	 {{Incorporating version histories in Information Retrieval based bug localization}},
  booktitle = {{Proceedings of the 9th IEEE International Working Conference on Mining Software Repositories (MSR'12)}},
  year = 	 {2012},
  pages = 	 {50--59},
  publisher = {IEEE Press}
}

@InProceedings{ball-et-al:1997,
  author = 	 {Thomas Ball and Jung-Min Kim and Adam A. Porter and Harvey P. Siy},
  title = 	 {{If Your Version Control System Could Talk...}},
  booktitle = {{Proceedings of the ICSE'97 Workshop on Process Modeling and Empirical Studies of Software Evolution}},
  year = 	 {1997}
}

@InProceedings{nystrom-et-al:2008,
  author = 	 {Nathaniel Nystrom and Vijay Saraswat and Jens Palsberg and Christian Grothoff},
  title = 	 {{Constrained types for object-oriented languages}},
  booktitle = {{Proceedings of the 23rd ACM SIGPLAN Conference on Object-Oriented Programming Systems Languages and Applications (OOPSLA'08)}},
  year = 	 {2008},
  pages = 	 {457--474},
  publisher = {ACM Press}
}

@InProceedings{andreae-et-al:2006,
  author = 	 {Chris Andreae and James Noble and Shane Markstrum and Todd Millstein},
  title = 	 {{A framework for implementing pluggable type systems}},
  booktitle = {{Proceedings of the 21st ACM SIGPLAN Conference on Object-Oriented Programming Systems Languages and Applications (OOPSLA'06)}},
  year = 	 {2006},
  pages = 	 {57--74},
  publisher = {ACM Press}
}

@Article{markstrum-et-al:2010,
  author = 	 {Shane Markstrum and Daniel Marino and Matthew Esquivel and Todd Millstein and Chris Andreae and James Noble},
  title = 	 {{JavaCOP: Declarative pluggable types for Java}},
  journal = 	 {{ACM Transactions on Programming Languages and Systems}},
  year = 	 {2010},
  volume = 	 {32},
  number = 	 {2}
}


@InProceedings{nystrom:2011,
  author = 	 {Nathaniel Nystrom},
  title = 	 {{Harmless compiler plugins}},
  booktitle = {{Proceedings of the 13th Workshop on Formal Techniques for Java-Like Programs (FTfJP'11)}},
  year = 	 {2011},
  publisher = {ACM Press}
}



@TechReport{nystrom+saraswat:2007,
  author = 	 {Nathaniel Nystrom and Vijay Saraswat},
  title = 	 {{An annotation and compiler plugin system for X10: A High-level Design Document}},
  institution =  {{IBM TJ Watson Research Center}},
  year = 	 {2007},
  number = 	 {RC24198}
}

@Misc{gccplugins,
  author = 	 {{GCC}},
  title = 	 {{Compiler Plugins}},
  howpublished = {\url{https://gcc.gnu.org/wiki/plugins}},
  year = 	 {2010}
}

@Misc{clangplugins,
  author = 	 {{LLVM}},
  title = 	 {{Clang Plugins}},
  howpublished = {\url{http://clang.llvm.org/docs/ClangPlugins.html}},
  year = 	 {2014}
}

